% Encoding: UTF-8
@article{song2014lighter,
  title={Lighter: fast and memory-efficient sequencing error correction without counting},
  author={Song, Li and Florea, Liliana and Langmead, Ben},
  journal={Genome biology},
  volume={15},
  number={11},
  pages={509},
  year={2014},
  publisher={BioMed Central}
}
@article{kao2011echo,
  title={ECHO: a reference-free short-read error correction algorithm},
  author={Kao, Wei-Chun and Chan, Andrew H and Song, Yun S},
  journal={Genome research},
  year={2011},
  publisher={Cold Spring Harbor Lab}
}
@article{gurevich2013quast,
  title={QUAST: quality assessment tool for genome assemblies},
  author={Gurevich, Alexey and Saveliev, Vladislav and Vyahhi, Nikolay and Tesler, Glenn},
  journal={Bioinformatics},
  volume={29},
  number={8},
  pages={1072--1075},
  year={2013},
  publisher={Oxford University Press}
}
@article{zerbino2008velvet,
  title={Velvet: algorithms for de novo short read assembly using de Bruijn graphs},
  author={Zerbino, Daniel and Birney, Ewan},
  journal={Genome research},
  pages={gr--074492},
  year={2008},
  publisher={Cold Spring Harbor Lab}
}

@article{heydari2017evaluation,
  title={Evaluation of the impact of Illumina error correction tools on de novo genome assembly},
  author={Heydari, Mahdi and Miclotte, Giles and Demeester, Piet and Van de Peer, Yves and Fostier, Jan},
  journal={BMC bioinformatics},
  volume={18},
  number={1},
  pages={374},
  year={2017},
  publisher={BioMed Central}
}
@article{graves2013generating,
  title={Generating sequences with recurrent neural networks},
  author={Graves, Alex},
  journal={arXiv preprint arXiv:1308.0850},
  year={2013}
}
@inproceedings{mahgoub2017rafiki,
  title={Rafiki: a middleware for parameter tuning of NoSQL datastores for dynamic metagenomics workloads},
  author={Mahgoub, Ashraf and Wood, Paul and Ganesh, Sachandhan and Mitra, Subrata and Gerlach, Wolfgang and Harrison, Travis and Meyer, Folker and Grama, Ananth and Bagchi, Saurabh and Chaterji, Somali},
  booktitle={Proceedings of the 18th ACM/IFIP/USENIX Middleware Conference},
  pages={28--40},
  year={2017},
  organization={ACM}
}
@article{rahman2013cgal,
  title={CGAL: computing genome assembly likelihoods},
  author={Rahman, Atif and Pachter, Lior},
  journal={Genome biology},
  volume={14},
  number={1},
  pages={R8},
  year={2013},
  publisher={BioMed Central}
}
@article{clark2013ale,
  title={ALE: a generic assembly likelihood evaluation framework for assessing the accuracy of genome and metagenome assemblies},
  author={Clark, Scott C and Egan, Rob and Frazier, Peter I and Wang, Zhong},
  journal={Bioinformatics},
  volume={29},
  number={4},
  pages={435--443},
  year={2013},
  publisher={Oxford University Press}
}
@article{brown1992class,
  title={Class-based n-gram models of natural language},
  author={Brown, Peter F and Desouza, Peter V and Mercer, Robert L and Pietra, Vincent J Della and Lai, Jenifer C},
  journal={Computational linguistics},
  volume={18},
  number={4},
  pages={467--479},
  year={1992},
  publisher={MIT Press}
}

@article{schulz2014fiona,
  title={Fiona: a parallel and automatic strategy for read error correction},
  author={Schulz, Marcel H and Weese, David and Holtgrewe, Manuel and Dimitrova, Viktoria and Niu, Sijia and Reinert, Knut and Richard, Hugues},
  journal={Bioinformatics},
  volume={30},
  number={17},
  pages={i356--i363},
  year={2014},
  publisher={Oxford University Press}
}

@Article{KaoChanSong2011,
  author    = {Kao, Wei-Chun and Chan, Andrew H and Song, Yun S},
  title     = {ECHO: a reference-free short-read error correction algorithm},
  journal   = {Genome research},
  year      = {2011},
  publisher = {Cold Spring Harbor Lab},
}
@article{ilie2013racer,
  title={RACER: Rapid and accurate correction of errors in reads},
  author={Ilie, Lucian and Molnar, Michael},
  journal={Bioinformatics},
  volume={29},
  number={19},
  pages={2490--2493},
  year={2013},
  publisher={Oxford University Press}
}
@article{molnar2014correcting,
  title={Correcting illumina data},
  author={Molnar, Michael and Ilie, Lucian},
  journal={Briefings in bioinformatics},
  volume={16},
  number={4},
  pages={588--599},
  year={2014},
  publisher={Oxford University Press}
}

@article{greenfield2014blue,
  title={Blue: correcting sequencing errors using consensus and context},
  author={Greenfield, Paul and Duesing, Konsta and Papanicolaou, Alexie and Bauer, Denis C},
  journal={Bioinformatics},
  volume={30},
  number={19},
  pages={2723--2732},
  year={2014},
  publisher={Oxford University Press}
}
@article{doi:10.1093/bioinformatics/btp379,
author = {Schröder, Jan and Schröder, Heiko and Puglisi, Simon J. and Sinha, Ranjan and Schmidt, Bertil},
title = {SHREC: a short-read error correction method},
journal = {Bioinformatics},
volume = {25},
number = {17},
pages = {2157-2163},
year = {2009},
doi = {10.1093/bioinformatics/btp379}
}
@inproceedings{mahadik2017scalable,
  title={Scalable Genomic Assembly through Parallel de Bruijn Graph Construction for Multiple K-mers},
  author={Mahadik, Kanak and Wright, Christopher and Kulkarni, Milind and Bagchi, Saurabh and Chaterji, Somali},
  booktitle={Proceedings of the 8th ACM International Conference on Bioinformatics, Computational Biology, and Health Informatics},
  pages={425--431},
  year={2017},
  organization={ACM}
}
@article{compeau2011apply,
  title={How to apply de Bruijn graphs to genome assembly},
  author={Compeau, Phillip EC and Pevzner, Pavel A and Tesler, Glenn},
  journal={Nature biotechnology},
  volume={29},
  number={11},
  pages={987--991},
  year={2011},
  publisher={Nature Research}
}

@article{muir2016real,
  title={The real cost of sequencing: scaling computation to keep pace with data generation},
  author={Muir, Paul and Li, Shantao and Lou, Shaoke and Wang, Daifeng and Spakowicz, Daniel J and Salichos, Leonidas and Zhang, Jing and Weinstock, George M and Isaacs, Farren and Rozowsky, Joel and others},
  journal={Genome biology},
  volume={17},
  number={1},
  pages={53},
  year={2016},
  publisher={BioMed Central}
}
@article{SRILM,
  title={SRILM - The SRI Language Modeling Toolkit},
  url = {http://www.speech.sri.com/projects/srilm/}
}
@Article{Tensorflow,
  author    = {Google},
  title     = {An open-source software library for Machine Intelligence},
  publisher = {https://www.tensorflow.org/}
}
@article{chaterji2017federation,
  title={Federation in genomics pipelines: techniques and challenges},
  author={Chaterji, Somali and Koo, Jinkyu and Li, Ninghui and Meyer, Folker and Grama, Ananth and Bagchi, Saurabh},
  journal={Briefings in bioinformatics},
  year={2017}
}
@article{meyer2017mg,
  title={MG-RAST version 4—lessons learned from a decade of low-budget ultra-high-throughput metagenome analysis},
  author={Meyer, Folker and Bagchi, Saurabh and Chaterji, Somali and Gerlach, Wolfgang and Grama, Ananth and Harrison, Travis and Trimble, William and Wilke, Andreas},
  journal={Briefings in Bioinformatics},
  volume={105},
  year={2017}
}
@article{yang2010reptile,
  title={Reptile: representative tiling for short read error correction},
  author={Yang, Xiao and Dorman, Karin S and Aluru, Srinivas},
  journal={Bioinformatics},
  volume={26},
  number={20},
  pages={2526--2533},
  year={2010},
  publisher={Oxford University Press}
}
@inproceedings{mikolov2010recurrent,
  title={Recurrent neural network based language model},
  author={Mikolov, Tom{\'a}{\v{s}} and Karafi{\'a}t, Martin and Burget, Luk{\'a}{\v{s}} and {\v{C}}ernock{\`y}, Jan and Khudanpur, Sanjeev},
  booktitle={Eleventh Annual Conference of the International Speech Communication Association},
  year={2010}
}
@inproceedings{zhai2001model,
  title={Model-based feedback in the language modeling approach to information retrieval},
  author={Zhai, Chengxiang and Lafferty, John},
  booktitle={Proceedings of the tenth international conference on Information and knowledge management},
  pages={403--410},
  year={2001},
  organization={ACM}
}
@inproceedings{gao2004dependence,
  title={Dependence language model for information retrieval},
  author={Gao, Jianfeng and Nie, Jian-Yun and Wu, Guangyuan and Cao, Guihong},
  booktitle={Proceedings of the 27th annual international ACM SIGIR conference on Research and development in information retrieval},
  pages={170--177},
  year={2004},
  organization={ACM}
}
@incollection{bahl1990tree,
  title={A tree-based statistical language model for natural language speech recognition},
  author={Bahl, Lalit R and Brown, Peter F and de Souza, Peter V and Mercer, Robert L},
  booktitle={Readings in Speech Recognition},
  pages={507--514},
  year={1990},
  publisher={Elsevier}
}
@article{ganapathiraju2012suite,
  title={Suite of tools for statistical N-gram language modeling for pattern mining in whole genome sequences},
  author={Ganapathiraju, Madhavi K and Mitchell, Asia D and Thahir, Mohamed and Motwani, Kamiya and Ananthasubramanian, Seshan},
  journal={Journal of bioinformatics and computational biology},
  volume={10},
  number={06},
  pages={12--16},
  year={2012},
  publisher={World Scientific}
}
@Article{ganapathiraju2002comparative,
  author  = {Ganapathiraju, Madhavi K and Weisser, D and Rosenfeld, R and Carbonell, J and Reddy, R and Klein-Seetharaman, Judith},
  title   = {Comparative n-gram analysis of whole-genome sequences},
  journal = {2nd International Conference on Human Language Technology Research (HLT)},
  year    = {2002},
  pages   = {76-81}
}
@article{zaremba2014recurrent,
  title={Recurrent neural network regularization},
  author={Zaremba, Wojciech and Sutskever, Ilya and Vinyals, Oriol},
  journal={arXiv preprint arXiv:1409.2329},
  year={2014}
}
@article{mikolov2012statistical,
  title={Statistical language models based on neural networks},
  author={Mikolov, Tom{\'a}{\v{s}}},
  journal={Presentation at Google, Mountain View, 2nd April},
  year={2012}
}

@article{hochreiter1997long,
  title={Long short-term memory},
  author={Hochreiter, Sepp and Schmidhuber, J{\"u}rgen},
  journal={Neural computation},
  volume={9},
  number={8},
  pages={1735--1780},
  year={1997},
  publisher={MIT Press}
}

@inproceedings{bengio2007greedy,
  title={Greedy layer-wise training of deep networks},
  author={Bengio, Yoshua and Lamblin, Pascal and Popovici, Dan and Larochelle, Hugo},
  booktitle={Advances in neural information processing systems},
  pages={153--160},
  year={2007}
}

@inproceedings{kneser1995improved,
  title={Improved backing-off for m-gram language modeling},
  author={Kneser, Reinhard and Ney, Hermann},
  booktitle={ICASSP},
  volume={1},
  pages={181--184},
  year={1995},
  organization={IEEE}
}

@inproceedings{45381,
title = {TensorFlow: A system for large-scale machine learning},
comment  = {Martin Abadi and Paul Barham and Jianmin Chen and Zhifeng Chen and Andy Davis and Jeffrey Dean and Matthieu Devin and Sanjay Ghemawat and Geoffrey Irving and Michael Isard and Manjunath Kudlur and Josh Levenberg and Rajat Monga and Sherry Moore and Derek G. Murray and Benoit Steiner and Paul Tucker and Vijay Vasudevan and Pete Warden and Martin Wicke and Yuan Yu and Xiaoqiang Zheng},
author  = {Martin Abadi and others},
year  = {2016},
booktitle = {12th USENIX Symposium on Operating Systems Design and Implementation (OSDI 16)},
pages = {265--283}
}
@INPROCEEDINGS{Stolcke02srilm--,
    author = {Andreas Stolcke},
    title = {SRILM -- An extensible language modeling toolkit},
    booktitle = {ICSLP},
    year = {2002},
    pages = {901--904},
    publisher = {}
}
@article{langmead2012fast,
  title={Fast gapped-read alignment with Bowtie 2},
  author={Langmead, Ben and Salzberg, Steven L},
  journal={Nature methods},
  volume={9},
  number={4},
  pages={357--359},
  year={2012},
  publisher={Nature Research}
}
  
  @article{chaisson2004fragment,
  title={Fragment assembly with short reads},
  author={Chaisson, Mark and Pevzner, Pavel and Tang, Haixu},
  journal={Bioinformatics},
  volume={20},
  number={13},
  pages={2067--2074},
  year={2004},
  publisher={Oxford University Press}
}

@article{pevzner2001eulerian,
  title={An Eulerian path approach to DNA fragment assembly},
  author={Pevzner, Pavel A and Tang, Haixu and Waterman, Michael S},
  journal={Proceedings of the National Academy of Sciences},
  volume={98},
  number={17},
  pages={9748--9753},
  year={2001},
  publisher={National Acad Sciences}
}
  
@article{ilie2010hitec,
  title={HiTEC: accurate error correction in high-throughput sequencing data},
  author={Ilie, Lucian and Fazayeli, Farideh and Ilie, Silvana},
  journal={Bioinformatics},
  volume={27},
  number={3},
  pages={295--302},
  year={2010},
  publisher={Oxford University Press}
}  
  
 @article{salmela2011correcting,
  title={Correcting errors in short reads by multiple alignments},
  author={Salmela, Leena and Schr{\"o}der, Jan},
  journal={Bioinformatics},
  volume={27},
  number={11},
  pages={1455--1461},
  year={2011},
  publisher={Oxford University Press}
}

@article{kelley2010quake,
  title={Quake: quality-aware detection and correction of sequencing errors},
  author={Kelley, David R and Schatz, Michael C and Salzberg, Steven L},
  journal={Genome biology},
  volume={11},
  number={11},
  pages={R116},
  year={2010},
  publisher={BioMed Central}
}

@inproceedings{shah2012parallel,
  title={A parallel algorithm for spectrum-based short read error correction},
  author={Shah, Ankit R and Chockalingam, Sriram and Aluru, Srinivas},
  booktitle={Parallel \& Distributed Processing Symposium (IPDPS), 2012 IEEE 26th International},
  pages={60--70},
  year={2012},
  organization={IEEE}
}

@article{yang2012survey,
  title={A survey of error-correction methods for next-generation sequencing},
  author={Yang, Xiao and Chockalingam, Sriram P and Aluru, Srinivas},
  journal={Briefings in bioinformatics},
  volume={14},
  number={1},
  pages={56--66},
  year={2012},
  publisher={Oxford University Press}
}

@inproceedings{ahasanuzzaman2016mining,
  title={Mining Duplicate Questions of Stack Overflow},
  author={Ahasanuzzaman, Muhammad and Asaduzzaman, Muhammad and Roy, Chanchal K and Schneider, Kevin A},
  booktitle={Mining Software Repositories (MSR), 2016 IEEE/ACM 13th Working Conference on},
  pages={402--412},
  year={2016},
  organization={IEEE}
}

@article{chikhi2013informed,
  title={Informed and automated k-mer size selection for genome assembly},
  author={Chikhi, Rayan and Medvedev, Paul},
  journal={Bioinformatics},
  volume={30},
  number={1},
  pages={31--37},
  year={2013},
  publisher={Oxford University Press}
}

@Article{Schulz2014,
  author    = {Schulz, Marcel H and Weese, David and Holtgrewe, Manuel and Dimitrova, Viktoria and Niu, Sijia and Reinert, Knut and Richard, Hugues},
  title     = {Fiona: a parallel and automatic strategy for read error correction},
  journal   = {Bioinformatics},
  year      = {2014},
  volume    = {30},
  number    = {17},
  pages     = {i356--i363},
  publisher = {Oxford University Press},
}

@inproceedings{azzopardi2003investigating,
  title={Investigating the relationship between language model perplexity and IR precision-recall measures},
  author={Azzopardi, Leif and Girolami, Mark and van Risjbergen, Keith},
  booktitle={ACM SIGIR},
  pages={369--370},
  year={2003},
  organization={ACM}
}
@article{sameith2016iterative,
  title={Iterative error correction of long sequencing reads maximizes accuracy and improves contig assembly},
  author={Sameith, Katrin and Roscito, Juliana G and Hiller, Michael},
  journal={Briefings in bioinformatics},
  pages={bbw003},
  year={2016},
  publisher={Oxford University Press}
}
@article{song2015spectacle,
  title={Spectacle: fast chromatin state annotation using spectral learning},
  author={Song, Jimin and Chen, Kevin C},
  journal={Genome biology},
  volume={16},
  number={1},
  pages={1--18},
  year={2015},
  publisher={BioMed Central}
}
@article{king2007ngloc,
  title={ngLOC: an n-gram-based Bayesian method for estimating the subcellular proteomes of eukaryotes},
  author={King, Brian R and Guda, Chittibabu},
  journal={Genome biology},
  volume={8},
  number={5},
  pages={R68},
  year={2007},
  publisher={BioMed Central}
}
@inproceedings{peng2010idba,
  title={IDBA--a practical iterative de Bruijn graph de novo assembler},
  author={Peng, Yu and Leung, Henry CM and Yiu, Siu-Ming and Chin, Francis YL},
  booktitle={RECOMB},
  pages={426--440},
  year={2010}
}
@article{coin2003enhanced,
  title={Enhanced protein domain discovery by using language modeling techniques from speech recognition},
  author={Coin, Lachlan and Bateman, Alex and Durbin, Richard},
  journal={Proceedings of the National Academy of Sciences},
  volume={100},
  number={8},
  pages={4516--4520},
  year={2003},
  publisher={National Acad Sciences}
}
@inproceedings{mahadik2016sarvavid,
  title={Sarvavid: a domain specific language for developing scalable computational genomics applications},
  author={Mahadik, Kanak and Wright, Christopher and Zhang, Jinyi and Kulkarni, Milind and Bagchi, Saurabh and Chaterji, Somali},
  booktitle={Proceedings of the 2016 International Conference on Supercomputing},
  pages={34},
  year={2016},
  organization={ACM}
}

@article{schadt2010computational,
  title={Computational solutions to large-scale data management and analysis},
  author={Schadt, Eric E and Linderman, Michael D and Sorenson, Jon and Lee, Lawrence and Nolan, Garry P},
  journal={Nature Reviews Genetics},
  volume={11},
  number={9},
  pages={647},
  year={2010},
  publisher={Nature Publishing Group}
}

@article{szalay2015novo,
  title={De novo sequencing and variant calling with nanopores using PoreSeq},
  author={Szalay, Tamas and Golovchenko, Jene A},
  journal={Nature biotechnology},
  volume={33},
  number={10},
  pages={1087},
  year={2015},
  publisher={Nature Publishing Group}
}

@Article{SameithRoscitoHiller2016,
  author    = {Sameith, Katrin and Roscito, Juliana G and Hiller, Michael},
  title     = {Iterative error correction of long sequencing reads maximizes accuracy and improves contig assembly},
  journal   = {Briefings in bioinformatics},
  year      = {2016},
  pages     = {bbw003},
  publisher = {Oxford University Press},
}

@article{brown1992class,
  title={Class-based n-gram models of natural language},
  author={Brown, Peter F and Desouza, Peter V and Mercer, Robert L and Pietra, Vincent J Della and Lai, Jenifer C},
  journal={Computational linguistics},
  volume={18},
  number={4},
  pages={467--479},
  year={1992},
  publisher={MIT Press}
}

@inproceedings{kombrink2011recurrent,
  title={Recurrent neural network based language modeling in meeting recognition},
  author={Kombrink, Stefan and Mikolov, Tom{\'a}{\v{s}} and Karafi{\'a}t, Martin and Burget, Luk{\'a}{\v{s}}},
  booktitle={Twelfth annual conference of the international speech communication association},
  year={2011}
}

@Comment{jabref-meta: databaseType:bibtex;}
